<record><leader>00000cas a2200000 a 4500</leader><controlfield tag="001">22541405</controlfield><controlfield tag="008">901022c19909999nyuwr ne      0   a0eng c</controlfield><datafield ind1=" " ind2=" " tag="010"><subfield code="a">sn 91025588 </subfield></datafield><datafield ind1=" " ind2=" " tag="040"><subfield code="a">TKN</subfield><subfield code="b">eng</subfield><subfield code="c">TKN</subfield><subfield code="d">NSD</subfield><subfield code="d">HUL</subfield><subfield code="d">NST</subfield><subfield code="d">MGN</subfield><subfield code="d">NYS</subfield><subfield code="d">NSD</subfield><subfield code="d">NVF</subfield><subfield code="d">NYS</subfield><subfield code="d">CNK</subfield><subfield code="d">CVF</subfield><subfield code="d">DLC</subfield><subfield code="d">NYS</subfield><subfield code="d">OCL</subfield><subfield code="d">NSD</subfield><subfield code="d">NOC</subfield><subfield code="d">DLC</subfield><subfield code="d">OCLCQ</subfield><subfield code="d">OCLCF</subfield><subfield code="d">OCLCQ</subfield></datafield><datafield ind1=" " ind2=" " tag="012"><subfield code="i">9104</subfield><subfield code="j">1</subfield><subfield code="m">1</subfield></datafield><datafield ind1=" " ind2=" " tag="019"><subfield code="a">22712506</subfield><subfield code="a">926113283</subfield></datafield><datafield ind1="1" ind2=" " tag="022"><subfield code="a">1076-0091</subfield><subfield code="l">1076-0091</subfield><subfield code="2">1</subfield></datafield><datafield ind1="1" ind2=" " tag="029"><subfield code="a">AU@</subfield><subfield code="b">000020668466</subfield></datafield><datafield ind1=" " ind2=" " tag="032"><subfield code="a">146920</subfield><subfield code="b">USPS</subfield></datafield><datafield ind1="0" ind2=" " tag="041"><subfield code="a">eng</subfield><subfield code="a">spa</subfield></datafield><datafield ind1=" " ind2=" " tag="042"><subfield code="a">pcc</subfield><subfield code="a">nsdp</subfield></datafield><datafield ind1=" " ind2=" " tag="043"><subfield code="a">n-us-ny</subfield><subfield code="a">n-us---</subfield></datafield><datafield ind1="0" ind2="0" tag="050"><subfield code="a">Newspaper</subfield></datafield><datafield ind1="0" ind2=" " tag="130"><subfield code="a">People's weekly world (New York, N.Y.)</subfield></datafield><datafield ind1=" " ind2="0" tag="222"><subfield code="a">People's weekly world</subfield></datafield><datafield ind1="1" ind2="0" tag="245"><subfield code="a">People's weekly world.</subfield></datafield><datafield ind1="1" ind2="0" tag="246"><subfield code="a">People's weekly</subfield></datafield><datafield ind1="1" ind2="0" tag="246"><subfield code="a">World</subfield></datafield><datafield ind1="1" ind2="0" tag="246"><subfield code="a">Nuestro mundo</subfield></datafield><datafield ind1="1" ind2=" " tag="246"><subfield code="i">Issues for Sept. 26/Oct. 2 2009- have title:</subfield><subfield code="a">People's world</subfield></datafield><datafield ind1="1" ind2="3" tag="246"><subfield code="a">Mundo popular</subfield></datafield><datafield ind1=" " ind2=" " tag="250"><subfield code="a">National [ed.].</subfield></datafield><datafield ind1=" " ind2=" " tag="260"><subfield code="a">New York, N.Y. :</subfield><subfield code="b">Long View Pub. Co.</subfield></datafield><datafield ind1=" " ind2=" " tag="300"><subfield code="a">volumes :</subfield><subfield code="b">illustrations ;</subfield><subfield code="c">43 cm</subfield></datafield><datafield ind1=" " ind2=" " tag="310"><subfield code="a">Weekly</subfield></datafield><datafield ind1=" " ind2=" " tag="336"><subfield code="a">text</subfield><subfield code="b">txt</subfield><subfield code="2">rdacontent</subfield></datafield><datafield ind1=" " ind2=" " tag="337"><subfield code="a">unmediated</subfield><subfield code="b">n</subfield><subfield code="2">rdamedia</subfield></datafield><datafield ind1=" " ind2=" " tag="338"><subfield code="a">volume</subfield><subfield code="b">nc</subfield><subfield code="2">rdacarrier</subfield></datafield><datafield ind1="0" ind2=" " tag="362"><subfield code="a">Vol. 5, no. 12 (Oct. 6, 1990)-</subfield></datafield><datafield ind1=" " ind2=" " tag="500"><subfield code="a">Issues for Sep. 24-Oct. 22, 1994 and Mar. 25, 1995-&gt; have no ed. statements.</subfield></datafield><datafield ind1=" " ind2=" " tag="530"><subfield code="a">Selected articles available via the internet.</subfield></datafield><datafield ind1=" " ind2=" " tag="530"><subfield code="a">Also issued on microfilm from University Publications of America.</subfield></datafield><datafield ind1=" " ind2=" " tag="546"><subfield code="a">Some issues contain a section in Spanish called: Nuestro mundo; Issues for Sept 26/Oct. 2 2009- have section in Spanish called: Mundo popular.</subfield></datafield><datafield ind1=" " ind2=" " tag="588"><subfield code="a">Latest issue consulted: Vol. 24, no. 18 (Oct. 3-10, 2009).</subfield></datafield><datafield ind1=" " ind2="0" tag="650"><subfield code="a">Working class</subfield><subfield code="z">United States</subfield><subfield code="v">Newspapers.</subfield></datafield><datafield ind1=" " ind2="0" tag="650"><subfield code="a">Communism</subfield><subfield code="z">United States</subfield><subfield code="v">Newspapers.</subfield></datafield><datafield ind1=" " ind2="0" tag="651"><subfield code="a">New York (N.Y.)</subfield><subfield code="v">Newspapers.</subfield></datafield><datafield ind1=" " ind2="0" tag="651"><subfield code="a">New York County (N.Y.)</subfield><subfield code="v">Newspapers.</subfield></datafield><datafield ind1=" " ind2="0" tag="651"><subfield code="a">United States</subfield><subfield code="v">Newspapers.</subfield></datafield><datafield ind1=" " ind2="7" tag="650"><subfield code="a">Communism.</subfield><subfield code="2">fast</subfield><subfield code="0">(OCoLC)fst00870421</subfield></datafield><datafield ind1=" " ind2="7" tag="650"><subfield code="a">Working class.</subfield><subfield code="2">fast</subfield><subfield code="0">(OCoLC)fst01180418</subfield></datafield><datafield ind1=" " ind2="7" tag="651"><subfield code="a">New York (State)</subfield><subfield code="z">New York.</subfield><subfield code="2">fast</subfield><subfield code="0">(OCoLC)fst01204333</subfield></datafield><datafield ind1=" " ind2="7" tag="651"><subfield code="a">New York (State)</subfield><subfield code="z">New York County.</subfield><subfield code="2">fast</subfield><subfield code="0">(OCoLC)fst01234953</subfield></datafield><datafield ind1=" " ind2="7" tag="651"><subfield code="a">United States.</subfield><subfield code="2">fast</subfield><subfield code="0">(OCoLC)fst01204155</subfield></datafield><datafield ind1=" " ind2="7" tag="655"><subfield code="a">Newspapers.</subfield><subfield code="2">fast</subfield><subfield code="0">(OCoLC)fst01423814</subfield></datafield><datafield ind1=" " ind2=" " tag="752"><subfield code="a">United States</subfield><subfield code="b">New York</subfield><subfield code="c">New York</subfield><subfield code="d">New York.</subfield></datafield><datafield ind1="0" ind2=" " tag="775"><subfield code="a">People's weekly world (New York, N.Y. : California)</subfield><subfield code="w">(DLC)sn 96061880</subfield><subfield code="w">(OCoLC)22582310</subfield></datafield><datafield ind1="0" ind2="0" tag="780"><subfield code="t">People's daily world (New York, N.Y. : 1986)</subfield><subfield code="x">1052-2743</subfield><subfield code="w">(DLC)sn 86077178</subfield><subfield code="w">(OCoLC)13733648</subfield></datafield><datafield ind1=" " ind2=" " tag="850"><subfield code="a">IaU</subfield><subfield code="a">MH</subfield><subfield code="a">NcU</subfield><subfield code="a">OCU</subfield></datafield><datafield ind1="4" ind2="1" tag="856"><subfield code="u">http://www.peoplesworld.org/</subfield></datafield><datafield ind1="2" ind2="0" tag="891"><subfield code="9">853</subfield><subfield code="8">1</subfield><subfield code="a">v.</subfield><subfield code="b">no.</subfield><subfield code="u">48</subfield><subfield code="v">r</subfield><subfield code="i">(year)</subfield><subfield code="j">(month)</subfield><subfield code="k">(day)</subfield><subfield code="w">w</subfield></datafield><datafield ind1="4" ind2="1" tag="891"><subfield code="9">863</subfield><subfield code="8">1.1</subfield><subfield code="a">5</subfield><subfield code="b">12</subfield><subfield code="i">1990</subfield><subfield code="j">10</subfield><subfield code="k">06</subfield></datafield></record>